<record><leader>00000cas a2200000 a 4500</leader><controlfield tag="001">2713441</controlfield><controlfield tag="008">770201d18531859deuwr ne      0   a0eng  </controlfield><datafield ind1=" " ind2=" " tag="010"><subfield code="a">sn 84020428 </subfield><subfield code="z">   77640346 </subfield></datafield><datafield ind1=" " ind2=" " tag="040"><subfield code="a">DLC</subfield><subfield code="b">eng</subfield><subfield code="c">DLC</subfield><subfield code="d">NPX</subfield><subfield code="d">DLC</subfield><subfield code="d">DEX</subfield><subfield code="d">DLC</subfield><subfield code="d">OCLCO</subfield><subfield code="d">OCLCQ</subfield><subfield code="d">OCLCF</subfield></datafield><datafield ind1="1" ind2=" " tag="029"><subfield code="a">AU@</subfield><subfield code="b">000025810074</subfield></datafield><datafield ind1=" " ind2=" " tag="042"><subfield code="a">pcc</subfield></datafield><datafield ind1=" " ind2=" " tag="043"><subfield code="a">n-us-de</subfield></datafield><datafield ind1="0" ind2="0" tag="050"><subfield code="a">Newspaper 7270</subfield></datafield><datafield ind1="0" ind2="0" tag="245"><subfield code="a">Delaware State reporter.</subfield></datafield><datafield ind1=" " ind2=" " tag="260"><subfield code="a">Dover, Del. :</subfield><subfield code="b">G. Nicholson,</subfield><subfield code="c">1853-</subfield></datafield><datafield ind1=" " ind2=" " tag="300"><subfield code="a">v. :</subfield><subfield code="b">ill. (chiefly advertisements) ;</subfield><subfield code="c">58 cm.</subfield></datafield><datafield ind1=" " ind2=" " tag="310"><subfield code="a">Weekly,</subfield><subfield code="b">&lt;Jan. 2, 1857&gt;-</subfield></datafield><datafield ind1=" " ind2=" " tag="321"><subfield code="a">Semiweekly,</subfield><subfield code="b">1853-1856</subfield></datafield><datafield ind1="0" ind2=" " tag="362"><subfield code="a">Vol. 1, no. 1 (Mar. 1, 1853)-</subfield></datafield><datafield ind1="1" ind2=" " tag="362"><subfield code="a">Ceased in 1859?</subfield></datafield><datafield ind1=" " ind2=" " tag="530"><subfield code="a">Also issued on microfilm from the Library of Congress, Photoduplication Service.</subfield></datafield><datafield ind1=" " ind2=" " tag="588"><subfield code="a">Description based on: Vol. 1, no. 17 (Apr. 26, 1853).</subfield></datafield><datafield ind1=" " ind2="0" tag="651"><subfield code="a">Dover (Del.)</subfield><subfield code="v">Newspapers.</subfield></datafield><datafield ind1=" " ind2="7" tag="655"><subfield code="a">Newspapers.</subfield><subfield code="2">fast</subfield><subfield code="0">(OCoLC)fst01423814</subfield></datafield><datafield ind1=" " ind2="7" tag="651"><subfield code="a">Delaware</subfield><subfield code="z">Dover.</subfield><subfield code="2">fast</subfield><subfield code="0">(OCoLC)fst01214462</subfield></datafield><datafield ind1=" " ind2=" " tag="752"><subfield code="a">United States</subfield><subfield code="b">Delaware</subfield><subfield code="c">Kent</subfield><subfield code="d">Dover.</subfield></datafield></record>